<?xml version="1.0" encoding="UTF-8"?><collection xmlns="http://www.loc.gov/MARC21/slim"><record><leader>00615nam--2200181-i-4500</leader><controlfield tag="001">000039240</controlfield><controlfield tag="002">20161230</controlfield><controlfield tag="005">20161230201042</controlfield><controlfield tag="008">060222s1000------------r-----000-0-fre-d</controlfield><datafield ind1=" " ind2=" " tag="040"><subfield code="a">IFIN-HH</subfield></datafield><datafield ind1=" " ind2=" " tag="041"><subfield code="a">fre</subfield></datafield><datafield ind1=" " ind2=" " tag="080"><subfield code="a">532.783(043)</subfield></datafield><datafield ind1="1" ind2=" " tag="100"><subfield code="a">Riviere,Denis</subfield></datafield><datafield ind1="1" ind2="0" tag="245"><subfield code="a">Mesure des indices de refraction d`un cristal liquide nematique et determination des angles d`obliquide au voisinage d`une surface par une methode d`incidence limite</subfield><subfield code="b">These</subfield><subfield code="c">Denis riviere</subfield></datafield><datafield ind1=" " ind2=" " tag="260"><subfield code="a">Paris Xi</subfield><subfield code="b">Centre Universitaire D`Orsay</subfield><subfield code="c">1978</subfield></datafield><datafield ind1=" " ind2=" " tag="300"><subfield code="a">55P. + 9 P.ANEXE</subfield></datafield><datafield ind1=" " ind2=" " tag="852"><subfield code="a">46364</subfield><subfield code="c">532</subfield></datafield><datafield ind1=" " ind2=" " tag="CAT"><subfield code="a">Sys</subfield><subfield code="c">20110113</subfield><subfield code="h">144248</subfield></datafield></record></collection>